@misc{prog,
	title="Программа государственной итоговой аттестации, Компьютерные науки и системотехника",
	year="2020",
	url="https://www.nsu.ru/n/information-technologies-department/education_fit/programs/OOP/09-03-01/knis/rabochie-programmy/09.03.01_KNiS_B3.pdf"
}